% Some useful sites to find bibtex references for W3C and IETF standards:
% http://w2.syronex.com/jmr/w3c-biblio
% http://notesofaprogrammer.blogspot.com/2014/11/bibtex-entries-for-ietf-rfcs-and.html
@article{Xia2014a,
  author="Xia, Zhihua
      and Zhu, Yanling
      and Sun, Xingming
      and Chen, Lihong",
  title="Secure semantic expansion based search over encrypted cloud data supporting similarity ranking",
  journal="Journal of Cloud Computing",
  year="2014",
  month="Jul",
  day="02",
  volume="3",
  number="1",
  pages="8",
  issn="2192-113X",
  doi="10.1186/s13677-014-0008-2",
  url="https://doi.org/10.1186/s13677-014-0008-2"
}
@article{Thura2005a,
  title = "{{Security standards for the semantic web}}",
  journal = "Computer Standards and Interfaces",
  volume = "27",
  number = "3",
  pages = "257 - 268",
  year = "2005",
  issn = "0920-5489",
  doi = "https://doi.org/10.1016/j.csi.2004.07.002",
  url = "http://www.sciencedirect.com/science/article/pii/S0920548904000686",
  author = "Bhavani Thuraisingham",
  keywords = "Semantic web, XML, RDF, Ontology, Security, Privacy"
} 
@techreport{httpslocal2017,
  title = {{HTTPS in Local Network}},
  type = "Community Group",
  institution = "W3C",
  year = 2017,
  url = "https://www.w3.org/community/httpslocal/",
}
@techreport{Wot2017arch,
  author      = "Kazuo Kajimoto and Uday Davuluru and Matthias Kovatsch",
  title       = "{{Web of Things {(WoT)} Architecture}}",
  month       = sep,
  url         = "https://www.w3.org/TR/2017/WD-wot-architecture-20170914/",
  year        = "2017",
  type        = "{W3C} Working Draft",
  institution = "W3C",
}
@techreport{Wot2017script,
  author      = "Zoltan Kis and Kazuaki Nimura and Daniel Peintner",
  title       = "{{Web of Things {(WoT)} Scripting {API}}}",
  month       = sep,
  url         = "https://www.w3.org/TR/2017/WD-wot-scripting-api-20170914/",
  year        = "2017",
  type        = "{W3C} Working Draft",
  institution = "W3C",
}
@techreport{Wot2017td,
  author      = "Sebastian K{\"{a}}bisch and Takuki Kamiya",
  title       = "{{Web of Things {(WoT)} Thing Description}}",
  month       = sep,
  url         = "https://www.w3.org/TR/2017/WD-wot-thing-description-20170914/",
  year        = "2017",
  type        = "{W3C} Working Draft",
  institution = "W3C",
}
@techreport{Wot2017sec,
  author      = "Elena Reshetova and Michael McCool",
  title       = "{{Web of Things {(WoT)} Security and Privacy Considerations}}",
  month       = sep,
  url         = "https://www.w3.org/TR/2017/WD-wot-security-20171116/",
  year        = "2017",
  type        = "{W3C} Note",
  institution = "W3C",
}
@techreport{Garcia2017a,
  author = {Oscar Garcia-Morchon and Sandeep Kumar and Mohit Sethi},
  title = {{State-of-the-Art and Challenges for the Internet of Things Security}},
  type = {Internet-Draft},
  year = {2017},
  month = oct,
  institution = {IETF Secretariat},
  url = {http://www.ietf.org/internet-drafts/draft-irtf-t2trg-iot-seccons-08.txt}
}
@techreport{Iotsf2017a,
  title = {{{IoT} Security Foundation Best Practice Guidelines}},
  year = {2017},
  month = may,
  institution = {IoT Security Foundation},
  url = {https://iotsecurityfoundation.org/best-practice-guidelines/}
}
@misc{ocf2017,
  title = {{The OCF Security Specification}},
  year = {2017},
  month = jun,
  url = {https://openconnectivity.org/specs/OCF\_Security\_Specification\_v1.0.0.pdf},
  institution = {Open Connectivity Foundation}
}
@misc{ace2017,
  title = {{IETF Authentication and Authorization for Constrained Environments (ACE)}},
  year = {2017},
  month = november,
  url = {https://tools.ietf.org/pdf/draft-ietf-ace-oauth-authz-09.pdf},
  institution = {IETF Secretariat},
}
@misc{Iot2020,
  title = {{IoT 2020: Smart and secure IoT platform}},
  year = {2017},
  institution = {International Electrotechnical Commission},
  url = {http://www.iec.ch/whitepaper/pdf/iecWP-loT2020-LR.pdf}
}
@techreport{Iic2016sf,
  author = {Sven Schrecker 
        and Hamed Soroush
        and Jesus Molina
        and Marcellus Buchheit
        and JP LeBlanc
        and Robert Martin
        and Frederick Hirsch
        and Andrew Ginter
        and Harsha Banavara
        and Shrinath Eswarahally
        and Kaveri Raman
        and Andrew King
        and Qinqing Zhang
        and Peter MacKay
        and Brian Witten},
  title = {{The Industrial Internet of Things Security Framework}},
  volume = "G4",
  year = {2016},
  month = sep,
  institution = {Industrial Internet Consortium},
  url = {http://www.iiconsortium.org/IISF.htm}
}
@techreport{McK2015a,
  institution = {McKinsey Global Institute}, 
  title = {{The Internet of Things: Mapping the Value Beyond the Hype}}, 
  author = {James Manyika and
            Michael Chui and
            Peter Bisson and
            Jonathan Woetzel and
            Richard Dobbs and
            Jacques Bughin and
            Dan Aharon},
  month = jun,
  year = 2015,
  url = {https://www.mckinsey.com/business-functions/digital-mckinsey/our-insights/the-internet-of-things-the-value-of-digitizing-the-physical-world}
}
@inproceedings{Mattsson2014,
 author = {John Mattsson and Göran Selander and Göran AP Eriksson},
 title = {{Object Security in Web of Things}},
 booktitle = {{W3C Workshop on the Web of Things: Enablers and services for an open Web of Devices}},
 year = {2014},
 month = jun,
 location = {Berlin, Germany},
 url = {https://www.w3.org/2014/02/wot/papers/mattsson.pdf},
 publisher = {W3C}
} 
@inproceedings{Xu2014,
 author = {Xu, Teng and Wendt, James B. and Potkonjak, Miodrag},
 title = {{Security of {IoT} Systems: Design Challenges and Opportunities}},
 booktitle = {Proceedings of the 2014 IEEE/ACM International Conference on Computer-Aided Design},
 series = {ICCAD '14},
 year = {2014},
 isbn = {978-1-4799-6277-8},
 location = {San Jose, California},
 pages = {417--423},
 numpages = {7},
 url = {http://dl.acm.org/citation.cfm?id=2691365.2691450},
 publisher = {IEEE Press}
} 
@article{Fernandes2017,
 author = {Earlence Fernandes and Amir Rahmati and Kevin Eykholt and Atul Prakash},
 title = {{Internet of Things Security Research: A Rehash of Old Ideas or New Intellectual Challenges?}},
 journal = {IEEE Security and Privacy},
 volume = {15},
 number = {4},
 issn = {1540-7993},
 year = {2017},
 pages = {79-84},
 publisher = {IEEE Computer Society}
}
